<?xml version="1.0" encoding="UTF-8"?><collection xmlns="http://www.loc.gov/MARC21/slim"><record><leader>00377nam--2200133-i-4500</leader><controlfield tag="001">000021609</controlfield><controlfield tag="002">20161230</controlfield><controlfield tag="005">20161230201034</controlfield><controlfield tag="008">060222s1000------------r-----000-0-eng-d</controlfield><datafield ind1=" " ind2=" " tag="080"><subfield code="a">541.15:532.5:541.12</subfield></datafield><datafield ind1=" " ind2=" " tag="100"><subfield code="a">Hart, Hans</subfield></datafield><datafield ind1=" " ind2=" " tag="245"><subfield code="a">Flussigkeitsdichtemessung mit hilfe von kernstrahlung</subfield></datafield><datafield ind1=" " ind2=" " tag="260"><subfield code="a">Leipzig, Bsb B.G.Teubner Verlagsgesellschaft, 1972. 288 P</subfield></datafield><datafield ind1=" " ind2=" " tag="852"><subfield code="a">5615</subfield></datafield></record></collection>